@article{de-bruijn-1946,
  author="DE BRUIJN, N. G.",
  title="A combinatorial problem",
  journal="Proc. Koninklijke Nederlandse Academie van Wetenschappen",
  ISSN="",
  publisher="",
  year="1946",
  month="",
  volume="49",
  number="",
  pages="758-764",
  URL="https://ci.nii.ac.jp/naid/10019660672/en/",
  DOI="",
}

@article{franklin-1963,
 ISSN = {00255718, 10886842},
 URL = {http://www.jstor.org/stable/2003733},
 author = {Joel N. Franklin},
 journal = {Mathematics of Computation},
 number = {81},
 pages = {28--59},
 publisher = {American Mathematical Society},
 title = {Deterministic Simulation of Random Processes},
 volume = {17},
 year = {1963}
}

@Article{knuth-1965,
  author="Knuth, Donald E.",
  title="Construction of a random sequence",
  journal="BIT Numerical Mathematics",
  year="1965",
  month="Dec",
  day="01",
  volume="5",
  number="4",
  pages="246--250",
  abstract="A completely equidistributed sequence of real numbers is constructed explicitly.",
  issn="1572-9125",
  doi="10.1007/BF01937504",
  url="https://doi.org/10.1007/BF01937504"
}

@article{weyl-1916,
  author="Weyl, Hermann",
  title="{\"U}ber die Gleichverteilung von Zahlen mod. Eins",
  journal="Mathematische Annalen",
  year="1916",
  month="Sep",
  day="01",
  volume="77",
  number="3",
  pages="313--352",
  issn="1432-1807",
  doi="10.1007/BF01475864",
  url="https://doi.org/10.1007/BF01475864"
}

@book{mccarthy-1986,
  title={Introduction to arithmetical functions},
  author={McCarthy, P.J.},
  isbn={9780387962627},
  lccn={85026068},
  series={Universitext Series},
  url={https://books.google.com.ar/books?id=wAPvAAAAMAAJ},
  year={1986},
  publisher={Springer-Verlag}
}
